@inproceedings{feree:hal-04859429,
  TITLE = {{Formulas Rewritten and Normalized Computationally, and Intuitionistically Simplified}},
  AUTHOR = {F{\'e}r{\'e}e, Hugo and Gool, Sam V and Iglesias V{\'a}zquez, Yago},
  URL = {https://hal.science/hal-04859429},
  BOOKTITLE = {{36es Journ{\'e}es Francophones des Langages Applicatifs (JFLA 2025)}},
  ADDRESS = {Roiff{\'e}, France},
  YEAR = {2025},
  MONTH = Jan,
  PDF = {https://hal.science/hal-04859429v1/file/jfla2025-final18.pdf},
  HAL_ID = {hal-04859429},
  HAL_VERSION = {v1},
}
